@article{coloring,
  author    = {Isabel M{\'{e}}ndez{-}D{\'{\i}}az and
               Paula Zabala},
  title     = {A Branch-and-Cut algorithm for graph coloring},
  journal   = {Discrete Applied Mathematics},
  volume    = {154},
  number    = {5},
  pages     = {826--847},
  year      = {2006},
  url       = {http://dx.doi.org/10.1016/j.dam.2005.05.022},
  doi       = {10.1016/j.dam.2005.05.022},
  timestamp = {Fri, 21 Apr 2006 13:16:50 +0200},
  biburl    = {http://dblp.uni-trier.de/rec/bib/journals/dam/Mendez-DiazZ06},
  bibsource = {dblp computer science bibliography, http://dblp.org}
}

@misc{cplex,
  author = {IBM},
  title  = {ILOG CPLEX Optimization Studio 12.6.1},
  howpublished = {\url{http://www-01.ibm.com/support/knowledgecenter/SSSA5P\_12.6.1/ilog.odms.cplex.help/refcppcplex/html/overview.htm}}
}